<?xml version="1.0" encoding="UTF-8"?><collection xmlns="http://www.loc.gov/MARC21/slim"><record><leader>00404nam--2200133-i-4500</leader><controlfield tag="001">000041269</controlfield><controlfield tag="002">20161230</controlfield><controlfield tag="005">20161230201043</controlfield><controlfield tag="008">060222s1000------------r-----000-0-eng-d</controlfield><datafield ind1=" " ind2=" " tag="080"><subfield code="a">621.824.002.2</subfield></datafield><datafield ind1=" " ind2=" " tag="100"><subfield code="a">Sergheev,M.A. Si Gustov,G.A</subfield></datafield><datafield ind1=" " ind2=" " tag="245"><subfield code="a">Metode de prelucrare rapida a arborilor. schimb de experienta tehnica-industriala</subfield></datafield><datafield ind1=" " ind2=" " tag="260"><subfield code="a">Bucuresti, Ed.Energetica De Stat, 1953. 43 P</subfield></datafield><datafield ind1=" " ind2=" " tag="852"><subfield code="a">26654</subfield></datafield></record></collection>